<record><leader>00000cas a2200000 a 4500</leader><controlfield tag="001">11417384</controlfield><controlfield tag="008">841124d18381841ohuwr ne      0    0eng c</controlfield><datafield ind1=" " ind2=" " tag="010"><subfield code="a">sn 84028723 </subfield></datafield><datafield ind1=" " ind2=" " tag="040"><subfield code="a">NPY</subfield><subfield code="b">eng</subfield><subfield code="c">NPY</subfield><subfield code="d">DLC</subfield><subfield code="d">ONP</subfield><subfield code="d">KNP</subfield><subfield code="d">ONP</subfield><subfield code="d">NVF</subfield><subfield code="d">CVF</subfield><subfield code="d">OCL</subfield><subfield code="d">OCLCQ</subfield><subfield code="d">OCLCF</subfield><subfield code="d">OCLCO</subfield></datafield><datafield ind1="1" ind2=" " tag="029"><subfield code="a">AU@</subfield><subfield code="b">000004328394</subfield></datafield><datafield ind1=" " ind2=" " tag="042"><subfield code="a">pcc</subfield></datafield><datafield ind1=" " ind2=" " tag="043"><subfield code="a">n-us-oh</subfield></datafield><datafield ind1="0" ind2="0" tag="050"><subfield code="a">Newspaper 9228</subfield></datafield><datafield ind1="0" ind2=" " tag="130"><subfield code="a">Cincinnati advertiser and Western journal (Cincinnati, Ohio : Weekly)</subfield></datafield><datafield ind1="1" ind2="0" tag="245"><subfield code="a">Cincinnati advertiser and Western journal.</subfield></datafield><datafield ind1=" " ind2=" " tag="260"><subfield code="a">Cincinnati [Ohio] :</subfield><subfield code="b">Dawson &amp; Fisher,</subfield><subfield code="c">1838-</subfield></datafield><datafield ind1=" " ind2=" " tag="300"><subfield code="a">v.</subfield></datafield><datafield ind1=" " ind2=" " tag="310"><subfield code="a">Weekly</subfield></datafield><datafield ind1="0" ind2=" " tag="362"><subfield code="a">Vol. 1, no. 1 (Oct. 3, 1838)-</subfield></datafield><datafield ind1="1" ind2=" " tag="362"><subfield code="a">Ceased with Mar. 31, 1841 issue?</subfield></datafield><datafield ind1=" " ind2=" " tag="515"><subfield code="a">Issue for Jan. 23, 1839 lacks vol. numbering.</subfield></datafield><datafield ind1=" " ind2=" " tag="515"><subfield code="a">Vol. 1, no. [33] (May 15, 1838) misnumbered v. 1, no. 24.</subfield></datafield><datafield ind1=" " ind2=" " tag="525"><subfield code="a">Has occasional supplements.</subfield></datafield><datafield ind1=" " ind2=" " tag="580"><subfield code="a">Daily eds.: Daily advertiser and journal, 1838-1839, and: Advertiser and journal (Cincinnati, Ohio : 1839), 1839-1841.</subfield></datafield><datafield ind1=" " ind2="0" tag="651"><subfield code="a">Cincinnati (Ohio)</subfield><subfield code="v">Newspapers.</subfield></datafield><datafield ind1=" " ind2="0" tag="651"><subfield code="a">Hamilton County (Ohio)</subfield><subfield code="v">Newspapers.</subfield></datafield><datafield ind1=" " ind2="7" tag="655"><subfield code="a">Newspapers.</subfield><subfield code="2">fast</subfield><subfield code="0">(OCoLC)fst01423814</subfield></datafield><datafield ind1=" " ind2="7" tag="651"><subfield code="a">Ohio</subfield><subfield code="z">Cincinnati.</subfield><subfield code="2">fast</subfield><subfield code="0">(OCoLC)fst01205142</subfield></datafield><datafield ind1=" " ind2="7" tag="651"><subfield code="a">Ohio</subfield><subfield code="z">Hamilton County.</subfield><subfield code="2">fast</subfield><subfield code="0">(OCoLC)fst01205597</subfield></datafield><datafield ind1=" " ind2=" " tag="752"><subfield code="a">United States</subfield><subfield code="b">Ohio</subfield><subfield code="c">Hamilton</subfield><subfield code="d">Cincinnati.</subfield></datafield><datafield ind1="1" ind2=" " tag="775"><subfield code="t">Daily advertiser and journal</subfield><subfield code="w">(DLC)sn 85042269</subfield></datafield><datafield ind1="1" ind2=" " tag="775"><subfield code="t">Advertiser and journal (Cincinnati, Ohio : 1839)</subfield><subfield code="w">(DLC)sn 85042270</subfield></datafield><datafield ind1="0" ind2=" " tag="775"><subfield code="t">Cincinnati advertiser and Western journal (Cincinnati, Ohio : Triweekly)</subfield><subfield code="w">(DLC)sn 88077415</subfield></datafield><datafield ind1="0" ind2="4" tag="780"><subfield code="t">Cincinnati advertiser, and Ohio phoenix</subfield><subfield code="w">(DLC)sn 84028722</subfield></datafield><datafield ind1="0" ind2="4" tag="780"><subfield code="t">Western journal (Cincinnati, Ohio)</subfield></datafield></record>